<?xml version="1.0" encoding="UTF-8"?><collection xmlns="http://www.loc.gov/MARC21/slim"><record><leader>00473nam--2200133-i-4500</leader><controlfield tag="001">000017385</controlfield><controlfield tag="002">20161230</controlfield><controlfield tag="005">20161230201032</controlfield><controlfield tag="008">060222s1000------------r-----000-0-eng-d</controlfield><datafield ind1=" " ind2=" " tag="100"><subfield code="a">Druica-zeletin, Ioan</subfield></datafield><datafield ind1=" " ind2=" " tag="245"><subfield code="a">Popescu, armand</subfield></datafield><datafield ind1=" " ind2=" " tag="260"><subfield code="a">Probleme De Mecanica Si Acustica. Pentru Examenele De Bacalaureat Si Admitere In Invatamantul Superior. Ed A Doua Revizuita. (Exemplar Xeroxat)</subfield></datafield><datafield ind1=" " ind2=" " tag="490"><subfield code="a">Culegeri De Probleme De Matematica Si Fizica</subfield></datafield><datafield ind1=" " ind2=" " tag="852"><subfield code="a">534(076):531(076)</subfield></datafield></record></collection>